<record><leader>00000cas a22000007a 4500</leader><controlfield tag="001">13918472</controlfield><controlfield tag="008">860723d1911192uutuwr ne      0    0eng d</controlfield><datafield ind1=" " ind2=" " tag="010"><subfield code="a">sn 86091397 </subfield></datafield><datafield ind1=" " ind2=" " tag="040"><subfield code="a">UNP</subfield><subfield code="b">eng</subfield><subfield code="c">UNP</subfield><subfield code="d">OCLCQ</subfield></datafield><datafield ind1=" " ind2=" " tag="042"><subfield code="a">msc</subfield></datafield><datafield ind1="0" ind2="0" tag="245"><subfield code="a">Sandy City star.</subfield></datafield><datafield ind1=" " ind2=" " tag="260"><subfield code="a">Sandy, Utah :</subfield><subfield code="b">[Eagle Pub. Co.]</subfield></datafield><datafield ind1=" " ind2=" " tag="300"><subfield code="a">v. :</subfield><subfield code="b">ill. ;</subfield><subfield code="c">62 cm.</subfield></datafield><datafield ind1=" " ind2=" " tag="310"><subfield code="a">Weekly</subfield></datafield><datafield ind1="1" ind2=" " tag="362"><subfield code="a">Began in 1911.</subfield><subfield code="z">Ayers, 1917.</subfield></datafield><datafield ind1=" " ind2=" " tag="500"><subfield code="a">Publisher's name recorded in: Ayers, 1917.</subfield></datafield><datafield ind1=" " ind2=" " tag="580"><subfield code="a">Published in Murray, Utah at the office of: American eagle (Murray, Utah), for distribution in Sandy, Utah.</subfield></datafield><datafield ind1=" " ind2=" " tag="588"><subfield code="a">Description based on: Vol. 9, no. 8 (Apr. 16, 1920).</subfield></datafield><datafield ind1=" " ind2=" " tag="752"><subfield code="a">United States</subfield><subfield code="b">Utah</subfield><subfield code="c">Salt Lake</subfield><subfield code="d">Sandy.</subfield></datafield><datafield ind1=" " ind2=" " tag="752"><subfield code="a">United States</subfield><subfield code="b">Utah</subfield><subfield code="c">Salt Lake</subfield><subfield code="d">Murray.</subfield></datafield><datafield ind1="1" ind2=" " tag="787"><subfield code="t">American eagle (Murray, Utah)</subfield><subfield code="w">(DLC)sn 85058329</subfield></datafield></record>